@inproceedings{FeiFei2004,
  author    = {L. Fei-Fei and R. Fergus and P. Perona},
  title     = {Learning generative visual models from few training examples: An incremental Bayesian approach tested on 101 object categories},
  booktitle = {Proc. CVPR Workshop on Generative-Model Based Vision},
  year      = {2004}
}

@inproceedings{Dalal2005,
  author    = {N. Dalal and B. Triggs},
  title     = {Histograms of Oriented Gradients for Human Detection},
  booktitle = {Proc. CVPR},
  year      = {2005}
}

@article{Cortes1995,
  author    = {C. Cortes and V. Vapnik},
  title     = {Support-Vector Networks},
  journal   = {Machine Learning},
  volume    = {20},
  number    = {3},
  pages     = {273--297},
  year      = {1995}
}

@inproceedings{He2016,
  author    = {Kaiming He and Xiangyu Zhang and Shaoqing Ren and Jian Sun},
  title     = {Deep Residual Learning for Image Recognition},
  booktitle = {Proc. CVPR},
  year      = {2016}
}

@inproceedings{Tan2019,
  author    = {Mingxing Tan and Quoc V. Le},
  title     = {EfficientNet: Rethinking Model Scaling for Convolutional Neural Networks},
  booktitle = {Proc. ICML},
  year      = {2019}
}

@inproceedings{Dosovitskiy2021,
  author    = {Alexey Dosovitskiy and others},
  title     = {An Image is Worth 16x16 Words: Transformers for Image Recognition at Scale},
  booktitle = {Proc. ICLR},
  year      = {2021}
}

@inproceedings{Kingma2015,
  author    = {Diederik P. Kingma and Jimmy Ba},
  title     = {Adam: A Method for Stochastic Optimization},
  booktitle = {Proc. ICLR},
  year      = {2015}
}

@inproceedings{Loshchilov2017,
  author    = {Ilya Loshchilov and Frank Hutter},
  title     = {SGDR: Stochastic Gradient Descent with Warm Restarts},
  booktitle = {Proc. ICLR},
  year      = {2017}
}

@inproceedings{Szegedy2016,
  author    = {Christian Szegedy and Vincent Vanhoucke and Sergey Ioffe and Jon Shlens and Zbigniew Wojna},
  title     = {Rethinking the Inception Architecture for Computer Vision},
  booktitle = {Proc. CVPR},
  year      = {2016},
  note      = {(Introduces label smoothing)}
}

@article{Breiman2001,
  author  = {Leo Breiman},
  title   = {Random Forests},
  journal = {Machine Learning},
  year    = {2001},
  volume  = {45},
  number  = {1},
  pages   = {5--32}
}